@article{chen2009approximating,
  title={Approximating matches made in heaven},
  author={Chen, Ning and Immorlica, Nicole and Karlin, Anna R and Mahdian, Mohammad and Rudra, Atri},
  journal={Automata, Languages and Programming},
  pages={266--278},
  year={2009},
  publisher={Springer Berlin Heidelberg}
}

@article{adamczyk2011improved,
	title={Improved analysis of the greedy algorithm for stochastic matching},
	author={Adamczyk, Marek},
	journal={Information Processing Letters},
	volume={111},
	number={15},
	pages={731--737},
	year={2011},
	publisher={Elsevier}
}

@incollection{costello2012stochastic,
	title={Stochastic matching with commitment},
	author={Costello, Kevin P and Tetali, Prasad and Tripathi, Pushkar},
	booktitle={Automata, Languages, and Programming},
	pages={822--833},
	year={2012},
	publisher={Springer}
}

@inproceedings{feldman2009online,
	title={Online stochastic matching: Beating 1-1/e},
	author={Feldman, Jon and Mehta, Aranyak and Mirrokni, Vahab and Muthukrishnan, S},
	booktitle={Foundations of Computer Science, 2009. FOCS'09. 50th Annual IEEE Symposium on},
	pages={117--126},
	year={2009},
	organization={IEEE}
}

@inproceedings{dickerson2013failure,
	title={Failure-aware kidney exchange},
	author={Dickerson, John P and Procaccia, Ariel D and Sandholm, Tuomas},
	booktitle={Proceedings of the fourteenth ACM conference on Electronic commerce},
	pages={323--340},
	year={2013},
	organization={ACM}
}

@inproceedings{dickerson2015futurematch,
	title={FutureMatch: Combining human value judgments and machine learning to match in dynamic environments},
	author={Dickerson, John P and Sandholm, Tuomas},
	booktitle={AAAI Conference on Artificial Intelligence (AAAI)},
	year={2015}
}

@article{roth1982incentive,
	title={Incentive compatibility in a market with indivisible goods},
	author={Roth, Alvin E},
	journal={Economics letters},
	volume={9},
	number={2},
	pages={127--132},
	year={1982},
	publisher={Elsevier}
}

@inproceedings{goel2012matching,
	title={Matching with our eyes closed},
	author={Goel, Gagan and Tripathi, Pushkar},
	booktitle={Foundations of Computer Science (FOCS), 2012 IEEE 53rd Annual Symposium on},
	pages={718--727},
	year={2012},
	organization={IEEE}
}

@article{blum2014ignorance,
	title={Ignorance is almost bliss: Near-optimal stochastic matching with few queries},
	author={Blum, Avrim and Haghtalab, Nika and Procaccia, Ariel D and Sharma, Ankit},
	journal={arXiv preprint arXiv:1407.4094},
	year={2014}
}

@inproceedings{poloczek2012randomized,
	title={Randomized greedy algorithms for the maximum matching problem with new analysis},
	author={Poloczek, Matthias and Szegedy, Mario},
	booktitle={Foundations of Computer Science (FOCS), 2012 IEEE 53rd Annual Symposium on},
	pages={708--717},
	year={2012},
	organization={IEEE}
}

@article{aronson1995randomized,
	title={Randomized greedy matching. II},
	author={Aronson, Jonathan and Dyer, Martin and Frieze, Alan and Suen, Stephen},
	journal={Random Structures \& Algorithms},
	volume={6},
	number={1},
	pages={55--73},
	year={1995},
	publisher={Wiley Online Library}
}

@article{bansal2012lp,
	title={When LP is the cure for your matching woes: Improved bounds for stochastic matchings},
	author={Bansal, Nikhil and Gupta, Anupam and Li, Jian and Mestre, Juli{\'a}n and Nagarajan, Viswanath and Rudra, Atri},
	journal={Algorithmica},
	volume={63},
	number={4},
	pages={733--762},
	year={2012},
	publisher={Springer}
}